@article{monaghan1992smoothed,
  title={Smoothed particle hydrodynamics},
  author={Monaghan, Joe J},
  journal={Annual review of astronomy and astrophysics},
  volume={30},
  number={1},
  pages={543--574},
  year={1992},
  publisher={Annual Reviews 4139 El Camino Way, PO Box 10139, Palo Alto, CA 94303-0139, USA}
}
@incollection{desbrun1996smoothed,
  title={Smoothed particles: A new paradigm for animating highly deformable bodies},
  author={Desbrun, Mathieu and Gascuel, Marie-Paule},
  booktitle={Computer Animation and Simulationâ€™96},
  pages={61--76},
  year={1996},
  publisher={Springer}
}